<?xml version="1.0" encoding="utf-8"?>
<Document xmlns="urn:iso:std:iso:20022:tech:xsd:camt.052.001.02">
  <BkToCstmrAcctRpt>
    <GrpHdr>
      <MsgId>5e62a129e6b954c2536f9572e09e8477</MsgId>
      <CreDtTm>2024-03-01T17:45:28.957554+00:00</CreDtTm>
    </GrpHdr>
    <Rpt>
      <Id>47d53a573a5f34d21f147d9c66ce1b6c</Id>
      <CreDtTm>2024-02-01T17:45:27.303820+00:00</CreDtTm>
      <Acct>
        <Id>
          <IBAN>FI7993594446835768</IBAN>
        </Id>
        <Ccy>EUR</Ccy>
        <Ownr />
        <Svcr>
          <FinInstnId>
            <BIC>HOLVFIHH</BIC>
            <Nm>Holvi Payment Services Oy</Nm>
            <PstlAdr>
              <StrtNm>Kaikukatu 2 C, 00530 Helsinki</StrtNm>
            </PstlAdr>
          </FinInstnId>
        </Svcr>
      </Acct>
      <Bal>
        <Tp>
          <CdOrPrtry>
            <Cd>OPBD</Cd>
          </CdOrPrtry>
        </Tp>
        <Amt Ccy="EUR">0.00</Amt>
        <CdtDbtInd>CRDT</CdtDbtInd>
        <Dt>
          <Dt>2024-01-01</Dt>
        </Dt>
      </Bal>
      <Bal>
        <Tp>
          <CdOrPrtry>
            <Cd>CLBD</Cd>
          </CdOrPrtry>
        </Tp>
        <Amt Ccy="EUR">10.00</Amt>
        <CdtDbtInd>CRDT</CdtDbtInd>
        <Dt>
          <Dt>2024-01-31</Dt>
        </Dt>
      </Bal>
      <Ntry>
        <NtryRef>1</NtryRef>
        <Amt Ccy="EUR">10.00</Amt>
        <CdtDbtInd>CRDT</CdtDbtInd>
        <RvslInd>false</RvslInd>
        <Sts>BOOK</Sts>
        <BookgDt>
          <Dt>2024-01-02</Dt>
        </BookgDt>
        <ValDt>
          <Dt>2024-01-02</Dt>
        </ValDt>
        <AcctSvcrRef>202313ACTSTMT672957876685122631</AcctSvcrRef>
        <BkTxCd>
          <Domn>
            <Cd>PMNT</Cd>
            <Fmly>
              <Cd>ICDT</Cd>
              <SubFmlyCd>ESCT</SubFmlyCd>
            </Fmly>
          </Domn>
        </BkTxCd>
        <NtryDtls>
          <TxDtls>
            <Refs>
              <MsgId>fab7eb1e52ae0870b6e6b8214067c43a</MsgId>
              <AcctSvcrRef>dc2705347c720a4bc1484cf99671a499</AcctSvcrRef>
              <EndToEndId>aa26d5cf90eeeb619d05b815046db120</EndToEndId>
            </Refs>
            <AmtDtls>
              <TxAmt>
                <Amt Ccy="EUR">10.00</Amt>
              </TxAmt>
            </AmtDtls>
            <RltdPties>
              <Dbtr>
                <Nm>TEPPO TESTAAJA</Nm>
              </Dbtr>
            </RltdPties>
            <RmtInf>
              <Strd>
                <CdtrRefInf>
                  <Tp>
                    <CdOrPrtry>
                      <Cd>SCOR</Cd>
                    </CdOrPrtry>
                    <Issr>Holvi Payment Services Oy</Issr>
                  </Tp>
                  <Ref>RF4974154318938921639933</Ref>
                </CdtrRefInf>
              </Strd>
            </RmtInf>
            <RltdDts>
              <AccptncDtTm>2024-01-02T00:00:00</AccptncDtTm>
            </RltdDts>
          </TxDtls>
        </NtryDtls>
      </Ntry>
      <Ntry>
        <NtryRef>2</NtryRef>
        <Amt Ccy="EUR">5.00</Amt>
        <CdtDbtInd>CRDT</CdtDbtInd>
        <RvslInd>false</RvslInd>
        <Sts>BOOK</Sts>
        <BookgDt>
          <Dt>2024-01-03</Dt>
        </BookgDt>
        <ValDt>
          <Dt>2024-01-03</Dt>
        </ValDt>
        <AcctSvcrRef>202400ACTSTMT098269621629278151</AcctSvcrRef>
        <BkTxCd>
          <Domn>
            <Cd>PMNT</Cd>
            <Fmly>
              <Cd>ICDT</Cd>
              <SubFmlyCd>ESCT</SubFmlyCd>
            </Fmly>
          </Domn>
        </BkTxCd>
        <NtryDtls>
          <TxDtls>
            <Refs>
              <MsgId>596ccaac17055b0c2c4a405476997d6f</MsgId>
              <AcctSvcrRef>543e8429777ea5404bb9e76554db7bcc</AcctSvcrRef>
              <EndToEndId>7b758454362084832eb394426dffef11</EndToEndId>
            </Refs>
            <AmtDtls>
              <TxAmt>
                <Amt Ccy="EUR">5.00</Amt>
              </TxAmt>
            </AmtDtls>
            <RltdPties>
              <Dbtr>
                <Nm>KALLE KOKEILIJA</Nm>
              </Dbtr>
            </RltdPties>
            <RmtInf>
              <Strd>
                <CdtrRefInf>
                  <Tp>
                    <CdOrPrtry>
                      <Cd>SCOR</Cd>
                    </CdOrPrtry>
                    <Issr>Holvi Payment Services Oy</Issr>
                  </Tp>
                  <Ref>RF4249535481392144687766</Ref>
                </CdtrRefInf>
              </Strd>
            </RmtInf>
            <RltdDts>
              <AccptncDtTm>2024-01-03T00:00:00</AccptncDtTm>
            </RltdDts>
          </TxDtls>
        </NtryDtls>
      </Ntry>
    </Rpt>
  </BkToCstmrAcctRpt>
</Document>
